%YAML 1.1
%TAG !u! tag:unity3d.com,2011:
--- !u!1 &4059221701859484352
GameObject:
  m_ObjectHideFlags: 0
  m_CorrespondingSourceObject: {fileID: 0}
  m_PrefabInstance: {fileID: 0}
  m_PrefabAsset: {fileID: 0}
  serializedVersion: 6
  m_Component:
  - component: {fileID: 4059221701859484367}
  - component: {fileID: 4059221701859484361}
  - component: {fileID: 4059221701859484362}
  - component: {fileID: 4059221701859484353}
  - component: {fileID: 6109586711461761769}
  - component: {fileID: 4059221701859484360}
  - component: {fileID: 4059221701859484365}
  - component: {fileID: 4059221701859484364}
  - component: {fileID: 4059221701859484363}
  - component: {fileID: 4059221701859484406}
  - component: {fileID: 7513470844475584714}
  - component: {fileID: 346584510024207780}
  - component: {fileID: 2435489042224740970}
  - component: {fileID: 942567147033604392}
  m_Layer: 11
  m_Name: RiggedMechaGoomba
  m_TagString: Untagged
  m_Icon: {fileID: 0}
  m_NavMeshLayer: 0
  m_StaticEditorFlags: 0
  m_IsActive: 1
--- !u!4 &4059221701859484367
Transform:
  m_ObjectHideFlags: 0
  m_CorrespondingSourceObject: {fileID: 0}
  m_PrefabInstance: {fileID: 0}
  m_PrefabAsset: {fileID: 0}
  m_GameObject: {fileID: 4059221701859484352}
  m_LocalRotation: {x: 0, y: 0, z: 0, w: 1}
  m_LocalPosition: {x: 10.616, y: 2.65, z: 0}
  m_LocalScale: {x: 1, y: 1, z: 1}
  m_Children:
  - {fileID: 8129963512441676395}
  - {fileID: 4916490574367343817}
  m_Father: {fileID: 0}
  m_RootOrder: 0
  m_LocalEulerAnglesHint: {x: 0, y: 0, z: 0}
--- !u!61 &4059221701859484361
BoxCollider2D:
  m_ObjectHideFlags: 0
  m_CorrespondingSourceObject: {fileID: 0}
  m_PrefabInstance: {fileID: 0}
  m_PrefabAsset: {fileID: 0}
  m_GameObject: {fileID: 4059221701859484352}
  m_Enabled: 1
  m_Density: 1
  m_Material: {fileID: 0}
  m_IsTrigger: 0
  m_UsedByEffector: 0
  m_UsedByComposite: 0
  m_Offset: {x: 0.004908085, y: -0.10702425}
  m_SpriteTilingProperty:
    border: {x: 0, y: 0, z: 0, w: 0}
    pivot: {x: 0.5, y: 0.5}
    oldSize: {x: 1, y: 1}
    newSize: {x: 0.16, y: 0.16}
    adaptiveTilingThreshold: 0.5
    drawMode: 0
    adaptiveTiling: 0
  m_AutoTiling: 0
  serializedVersion: 2
  m_Size: {x: 0.7580023, y: 0.91181386}
  m_EdgeRadius: 0
--- !u!50 &4059221701859484362
Rigidbody2D:
  serializedVersion: 4
  m_ObjectHideFlags: 0
  m_CorrespondingSourceObject: {fileID: 0}
  m_PrefabInstance: {fileID: 0}
  m_PrefabAsset: {fileID: 0}
  m_GameObject: {fileID: 4059221701859484352}
  m_BodyType: 0
  m_Simulated: 1
  m_UseFullKinematicContacts: 0
  m_UseAutoMass: 0
  m_Mass: 100
  m_LinearDrag: 0
  m_AngularDrag: 0.05
  m_GravityScale: 1
  m_Material: {fileID: 0}
  m_Interpolate: 1
  m_SleepingMode: 0
  m_CollisionDetection: 1
  m_Constraints: 4
--- !u!95 &4059221701859484353
Animator:
  serializedVersion: 3
  m_ObjectHideFlags: 0
  m_CorrespondingSourceObject: {fileID: 0}
  m_PrefabInstance: {fileID: 0}
  m_PrefabAsset: {fileID: 0}
  m_GameObject: {fileID: 4059221701859484352}
  m_Enabled: 1
  m_Avatar: {fileID: 0}
  m_Controller: {fileID: 9100000, guid: bcb92e2becf931a4a9f3525a2e420b05, type: 2}
  m_CullingMode: 0
  m_UpdateMode: 0
  m_ApplyRootMotion: 0
  m_LinearVelocityBlending: 0
  m_WarningMessage: 
  m_HasTransformHierarchy: 1
  m_AllowConstantClipSamplingOptimization: 1
  m_KeepAnimatorControllerStateOnDisable: 0
--- !u!114 &6109586711461761769
MonoBehaviour:
  m_ObjectHideFlags: 0
  m_CorrespondingSourceObject: {fileID: 0}
  m_PrefabInstance: {fileID: 0}
  m_PrefabAsset: {fileID: 0}
  m_GameObject: {fileID: 4059221701859484352}
  m_Enabled: 1
  m_EditorHideFlags: 0
  m_Script: {fileID: 11500000, guid: fe72c2d6d0240b24d80e9f61c456b5a4, type: 3}
  m_Name: 
  m_EditorClassIdentifier: 
  GoombaColor:
    serializedVersion: 2
    rgba: 4278255615
  PlayerLayer:
    serializedVersion: 2
    m_Bits: 1024
  GroundLayer:
    serializedVersion: 2
    m_Bits: 256
  SlippyGroundLayer:
    serializedVersion: 2
    m_Bits: 512
  DeadlyGroundLayer:
    serializedVersion: 2
    m_Bits: 4096
  Health: 4
  PointsOnKill: 0
  MoveSpeed: 1.75
  PushPlayerOnAttackHitVelocity: {x: 12, y: 4}
  PushPlayerOnTouchVelocity: {x: 8, y: 3}
  PushPlayerOnTopJumpVelocity: {x: 4.8, y: 13}
  CanLookBack: 0
  LookDistanceX: 1.3
  AttackExtraXDistance: 0
  TouchDamage: 10
  HitDamage: 20
  IdleTime: 1
  HurtTime: 2.5
  AttackTime: 0.75
--- !u!114 &4059221701859484360
MonoBehaviour:
  m_ObjectHideFlags: 0
  m_CorrespondingSourceObject: {fileID: 0}
  m_PrefabInstance: {fileID: 0}
  m_PrefabAsset: {fileID: 0}
  m_GameObject: {fileID: 4059221701859484352}
  m_Enabled: 1
  m_EditorHideFlags: 0
  m_Script: {fileID: 11500000, guid: cc5c69ccee5c57c42a0fc6c79534fa57, type: 3}
  m_Name: 
  m_EditorClassIdentifier: 
  PlayerHealthOnDeath: 10
  BaseHealth: 0
  CurrentHealth: 0
  InputX: 0
--- !u!114 &4059221701859484365
MonoBehaviour:
  m_ObjectHideFlags: 0
  m_CorrespondingSourceObject: {fileID: 0}
  m_PrefabInstance: {fileID: 0}
  m_PrefabAsset: {fileID: 0}
  m_GameObject: {fileID: 4059221701859484352}
  m_Enabled: 1
  m_EditorHideFlags: 0
  m_Script: {fileID: 11500000, guid: fe82c0e47ef3259419f43e8a348ee638, type: 3}
  m_Name: 
  m_EditorClassIdentifier: 
  Rig: {fileID: 4916490574367343817}
  Rigid: {fileID: 4059221701859484362}
  Anim: {fileID: 4059221701859484353}
  AI: {fileID: 4059221701859484360}
  StateMachine: {fileID: 4059221701859484364}
  Settings: {fileID: 6109586711461761769}
  Collider: {fileID: 4059221701859484361}
  BloodEffect: {fileID: 835183643588824731}
  JumpTriggerTop: {fileID: 5860703825562184538}
  SideTriggerFront: {fileID: 5082421311540991637}
  SideTriggerBack: {fileID: 1714315536338003448}
  BodySprites:
  - {fileID: 6441048254261755922}
  - {fileID: 5676737287728235122}
  - {fileID: 5683508508378861929}
  GlobalEffects: {fileID: 0}
  GlobalBlackboard: {fileID: 0}
--- !u!114 &4059221701859484364
MonoBehaviour:
  m_ObjectHideFlags: 0
  m_CorrespondingSourceObject: {fileID: 0}
  m_PrefabInstance: {fileID: 0}
  m_PrefabAsset: {fileID: 0}
  m_GameObject: {fileID: 4059221701859484352}
  m_Enabled: 1
  m_EditorHideFlags: 0
  m_Script: {fileID: 11500000, guid: 747322b0f71d36641967ba2b0e1007d8, type: 3}
  m_Name: 
  m_EditorClassIdentifier: 
  LogStates: 0
  StartingState: {fileID: 4059221701859484406}
  lastState: {fileID: 0}
  currentState: {fileID: 0}
--- !u!114 &4059221701859484363
MonoBehaviour:
  m_ObjectHideFlags: 0
  m_CorrespondingSourceObject: {fileID: 0}
  m_PrefabInstance: {fileID: 0}
  m_PrefabAsset: {fileID: 0}
  m_GameObject: {fileID: 4059221701859484352}
  m_Enabled: 0
  m_EditorHideFlags: 0
  m_Script: {fileID: 11500000, guid: 6c1e7ca5d4bf3114fa47e13982169b08, type: 3}
  m_Name: 
  m_EditorClassIdentifier: 
  DrawStateGizmoz: 0
  ExecuteStateLogic: 0
  _maxIdleTime: 0
  _inIdleTime: 0
--- !u!114 &4059221701859484406
MonoBehaviour:
  m_ObjectHideFlags: 0
  m_CorrespondingSourceObject: {fileID: 0}
  m_PrefabInstance: {fileID: 0}
  m_PrefabAsset: {fileID: 0}
  m_GameObject: {fileID: 4059221701859484352}
  m_Enabled: 0
  m_EditorHideFlags: 0
  m_Script: {fileID: 11500000, guid: b492d9397f3b82d4699829ed2385cb28, type: 3}
  m_Name: 
  m_EditorClassIdentifier: 
  DrawStateGizmoz: 0
  ExecuteStateLogic: 0
--- !u!114 &7513470844475584714
MonoBehaviour:
  m_ObjectHideFlags: 0
  m_CorrespondingSourceObject: {fileID: 0}
  m_PrefabInstance: {fileID: 0}
  m_PrefabAsset: {fileID: 0}
  m_GameObject: {fileID: 4059221701859484352}
  m_Enabled: 0
  m_EditorHideFlags: 0
  m_Script: {fileID: 11500000, guid: 522a2cc1af7134d47a0ff004ca8fdda1, type: 3}
  m_Name: 
  m_EditorClassIdentifier: 
  DrawStateGizmoz: 0
  ExecuteStateLogic: 0
  _maxHurtTime: 0
  _inHurtTime: 0
--- !u!114 &346584510024207780
MonoBehaviour:
  m_ObjectHideFlags: 0
  m_CorrespondingSourceObject: {fileID: 0}
  m_PrefabInstance: {fileID: 0}
  m_PrefabAsset: {fileID: 0}
  m_GameObject: {fileID: 4059221701859484352}
  m_Enabled: 0
  m_EditorHideFlags: 0
  m_Script: {fileID: 11500000, guid: 5607fe3421b85eb4398c9f7080e3ec2c, type: 3}
  m_Name: 
  m_EditorClassIdentifier: 
  DrawStateGizmoz: 0
  ExecuteStateLogic: 0
  _maxAttackTime: 0
  _inAttackTime: 0
--- !u!114 &2435489042224740970
MonoBehaviour:
  m_ObjectHideFlags: 0
  m_CorrespondingSourceObject: {fileID: 0}
  m_PrefabInstance: {fileID: 0}
  m_PrefabAsset: {fileID: 0}
  m_GameObject: {fileID: 4059221701859484352}
  m_Enabled: 0
  m_EditorHideFlags: 0
  m_Script: {fileID: 11500000, guid: c984498549cf55a409b7c811a7b8ffbf, type: 3}
  m_Name: 
  m_EditorClassIdentifier: 
  DrawStateGizmoz: 0
  ExecuteStateLogic: 0
  _maxHitTime: 0.75
--- !u!114 &942567147033604392
MonoBehaviour:
  m_ObjectHideFlags: 0
  m_CorrespondingSourceObject: {fileID: 0}
  m_PrefabInstance: {fileID: 0}
  m_PrefabAsset: {fileID: 0}
  m_GameObject: {fileID: 4059221701859484352}
  m_Enabled: 0
  m_EditorHideFlags: 0
  m_Script: {fileID: 11500000, guid: c07abe6c593ee864baf12b6102f9a994, type: 3}
  m_Name: 
  m_EditorClassIdentifier: 
  DrawStateGizmoz: 0
  ExecuteStateLogic: 0
  _maxHitTime: 0.5
--- !u!1 &8616453571431981129
GameObject:
  m_ObjectHideFlags: 0
  m_CorrespondingSourceObject: {fileID: 0}
  m_PrefabInstance: {fileID: 0}
  m_PrefabAsset: {fileID: 0}
  serializedVersion: 6
  m_Component:
  - component: {fileID: 8129963512441676395}
  m_Layer: 11
  m_Name: Effects
  m_TagString: Untagged
  m_Icon: {fileID: 0}
  m_NavMeshLayer: 0
  m_StaticEditorFlags: 0
  m_IsActive: 1
--- !u!4 &8129963512441676395
Transform:
  m_ObjectHideFlags: 0
  m_CorrespondingSourceObject: {fileID: 0}
  m_PrefabInstance: {fileID: 0}
  m_PrefabAsset: {fileID: 0}
  m_GameObject: {fileID: 8616453571431981129}
  m_LocalRotation: {x: 0, y: 0, z: 0, w: 1}
  m_LocalPosition: {x: 0, y: 0, z: 0}
  m_LocalScale: {x: 1, y: 1, z: 1}
  m_Children:
  - {fileID: 835183643588824733}
  m_Father: {fileID: 4059221701859484367}
  m_RootOrder: 0
  m_LocalEulerAnglesHint: {x: 0, y: 0, z: 0}
--- !u!1001 &1288209640106339599
PrefabInstance:
  m_ObjectHideFlags: 0
  serializedVersion: 2
  m_Modification:
    m_TransformParent: {fileID: 4059221701859484367}
    m_Modifications:
    - target: {fileID: 302524904747100869, guid: 26578fcb6c5d18b409483b515c6d1f7d,
        type: 3}
      propertyPath: m_LocalPosition.y
      value: 0.104
      objectReference: {fileID: 0}
    - target: {fileID: 399027608990562506, guid: 26578fcb6c5d18b409483b515c6d1f7d,
        type: 3}
      propertyPath: m_Bounds.m_Center.x
      value: 0
      objectReference: {fileID: 0}
    - target: {fileID: 399027608990562506, guid: 26578fcb6c5d18b409483b515c6d1f7d,
        type: 3}
      propertyPath: m_Bounds.m_Center.y
      value: 0
      objectReference: {fileID: 0}
    - target: {fileID: 399027608990562506, guid: 26578fcb6c5d18b409483b515c6d1f7d,
        type: 3}
      propertyPath: m_Bounds.m_Extent.x
      value: 0.5000001
      objectReference: {fileID: 0}
    - target: {fileID: 399027608990562506, guid: 26578fcb6c5d18b409483b515c6d1f7d,
        type: 3}
      propertyPath: m_Bounds.m_Extent.y
      value: 0.43750018
      objectReference: {fileID: 0}
    - target: {fileID: 2404558541216451635, guid: 26578fcb6c5d18b409483b515c6d1f7d,
        type: 3}
      propertyPath: m_Bounds.m_Center.x
      value: 0
      objectReference: {fileID: 0}
    - target: {fileID: 2404558541216451635, guid: 26578fcb6c5d18b409483b515c6d1f7d,
        type: 3}
      propertyPath: m_Bounds.m_Center.y
      value: 0
      objectReference: {fileID: 0}
    - target: {fileID: 2404558541216451635, guid: 26578fcb6c5d18b409483b515c6d1f7d,
        type: 3}
      propertyPath: m_Bounds.m_Extent.x
      value: 0.03125
      objectReference: {fileID: 0}
    - target: {fileID: 2404558541216451635, guid: 26578fcb6c5d18b409483b515c6d1f7d,
        type: 3}
      propertyPath: m_Bounds.m_Extent.y
      value: 0.03125
      objectReference: {fileID: 0}
    - target: {fileID: 4081105314459199436, guid: 26578fcb6c5d18b409483b515c6d1f7d,
        type: 3}
      propertyPath: m_Offset.x
      value: -0.3643546
      objectReference: {fileID: 0}
    - target: {fileID: 4081105314459199436, guid: 26578fcb6c5d18b409483b515c6d1f7d,
        type: 3}
      propertyPath: m_Size.x
      value: 0.09217739
      objectReference: {fileID: 0}
    - target: {fileID: 4081105314459199436, guid: 26578fcb6c5d18b409483b515c6d1f7d,
        type: 3}
      propertyPath: m_Offset.y
      value: 0.7023769
      objectReference: {fileID: 0}
    - target: {fileID: 4081105314459199436, guid: 26578fcb6c5d18b409483b515c6d1f7d,
        type: 3}
      propertyPath: m_Size.y
      value: 0.7991773
      objectReference: {fileID: 0}
    - target: {fileID: 4128582056364777042, guid: 26578fcb6c5d18b409483b515c6d1f7d,
        type: 3}
      propertyPath: m_SortingLayerID
      value: 396510487
      objectReference: {fileID: 0}
    - target: {fileID: 4128582056364777042, guid: 26578fcb6c5d18b409483b515c6d1f7d,
        type: 3}
      propertyPath: m_SortingLayer
      value: -3
      objectReference: {fileID: 0}
    - target: {fileID: 4477569542039689646, guid: 26578fcb6c5d18b409483b515c6d1f7d,
        type: 3}
      propertyPath: m_SortingLayerID
      value: 396510487
      objectReference: {fileID: 0}
    - target: {fileID: 4477569542039689646, guid: 26578fcb6c5d18b409483b515c6d1f7d,
        type: 3}
      propertyPath: m_SortingLayer
      value: -3
      objectReference: {fileID: 0}
    - target: {fileID: 5195403854363402219, guid: 26578fcb6c5d18b409483b515c6d1f7d,
        type: 3}
      propertyPath: m_Bounds.m_Center.x
      value: 0
      objectReference: {fileID: 0}
    - target: {fileID: 5195403854363402219, guid: 26578fcb6c5d18b409483b515c6d1f7d,
        type: 3}
      propertyPath: m_Bounds.m_Center.y
      value: 0
      objectReference: {fileID: 0}
    - target: {fileID: 5195403854363402219, guid: 26578fcb6c5d18b409483b515c6d1f7d,
        type: 3}
      propertyPath: m_Bounds.m_Extent.x
      value: 0.18750003
      objectReference: {fileID: 0}
    - target: {fileID: 5195403854363402219, guid: 26578fcb6c5d18b409483b515c6d1f7d,
        type: 3}
      propertyPath: m_Bounds.m_Extent.y
      value: 0.12500003
      objectReference: {fileID: 0}
    - target: {fileID: 5225178964228156701, guid: 26578fcb6c5d18b409483b515c6d1f7d,
        type: 3}
      propertyPath: m_Color.r
      value: 0
      objectReference: {fileID: 0}
    - target: {fileID: 5225178964228156701, guid: 26578fcb6c5d18b409483b515c6d1f7d,
        type: 3}
      propertyPath: m_Color.b
      value: 0.16834831
      objectReference: {fileID: 0}
    - target: {fileID: 5225178964228156701, guid: 26578fcb6c5d18b409483b515c6d1f7d,
        type: 3}
      propertyPath: m_SortingLayerID
      value: 396510487
      objectReference: {fileID: 0}
    - target: {fileID: 5225178964228156701, guid: 26578fcb6c5d18b409483b515c6d1f7d,
        type: 3}
      propertyPath: m_SortingLayer
      value: -3
      objectReference: {fileID: 0}
    - target: {fileID: 5368276264472367161, guid: 26578fcb6c5d18b409483b515c6d1f7d,
        type: 3}
      propertyPath: m_Bounds.m_Center.x
      value: 0
      objectReference: {fileID: 0}
    - target: {fileID: 5368276264472367161, guid: 26578fcb6c5d18b409483b515c6d1f7d,
        type: 3}
      propertyPath: m_Bounds.m_Center.y
      value: 0
      objectReference: {fileID: 0}
    - target: {fileID: 5368276264472367161, guid: 26578fcb6c5d18b409483b515c6d1f7d,
        type: 3}
      propertyPath: m_Bounds.m_Extent.x
      value: 0.031250007
      objectReference: {fileID: 0}
    - target: {fileID: 5368276264472367161, guid: 26578fcb6c5d18b409483b515c6d1f7d,
        type: 3}
      propertyPath: m_Bounds.m_Extent.y
      value: 0.031250007
      objectReference: {fileID: 0}
    - target: {fileID: 6020120975069939342, guid: 26578fcb6c5d18b409483b515c6d1f7d,
        type: 3}
      propertyPath: m_ApplyToSortingLayers.Array.size
      value: 6
      objectReference: {fileID: 0}
    - target: {fileID: 6020120975069939342, guid: 26578fcb6c5d18b409483b515c6d1f7d,
        type: 3}
      propertyPath: m_ApplyToSortingLayers.Array.data[3]
      value: -983270425
      objectReference: {fileID: 0}
    - target: {fileID: 6020120975069939342, guid: 26578fcb6c5d18b409483b515c6d1f7d,
        type: 3}
      propertyPath: m_ApplyToSortingLayers.Array.data[0]
      value: -505516811
      objectReference: {fileID: 0}
    - target: {fileID: 6020120975069939342, guid: 26578fcb6c5d18b409483b515c6d1f7d,
        type: 3}
      propertyPath: m_ApplyToSortingLayers.Array.data[1]
      value: 1742850405
      objectReference: {fileID: 0}
    - target: {fileID: 6020120975069939342, guid: 26578fcb6c5d18b409483b515c6d1f7d,
        type: 3}
      propertyPath: m_ApplyToSortingLayers.Array.data[2]
      value: 1329484869
      objectReference: {fileID: 0}
    - target: {fileID: 6020120975069939342, guid: 26578fcb6c5d18b409483b515c6d1f7d,
        type: 3}
      propertyPath: m_ApplyToSortingLayers.Array.data[4]
      value: 1807421143
      objectReference: {fileID: 0}
    - target: {fileID: 6020120975069939342, guid: 26578fcb6c5d18b409483b515c6d1f7d,
        type: 3}
      propertyPath: m_ApplyToSortingLayers.Array.data[5]
      value: 2093885903
      objectReference: {fileID: 0}
    - target: {fileID: 6104922667019948179, guid: 26578fcb6c5d18b409483b515c6d1f7d,
        type: 3}
      propertyPath: m_Color.r
      value: 0.4056604
      objectReference: {fileID: 0}
    - target: {fileID: 6104922667019948179, guid: 26578fcb6c5d18b409483b515c6d1f7d,
        type: 3}
      propertyPath: m_Color.g
      value: 0.4056604
      objectReference: {fileID: 0}
    - target: {fileID: 6104922667019948179, guid: 26578fcb6c5d18b409483b515c6d1f7d,
        type: 3}
      propertyPath: m_Color.b
      value: 0.4056604
      objectReference: {fileID: 0}
    - target: {fileID: 6104922667019948179, guid: 26578fcb6c5d18b409483b515c6d1f7d,
        type: 3}
      propertyPath: m_SortingLayerID
      value: 396510487
      objectReference: {fileID: 0}
    - target: {fileID: 6104922667019948179, guid: 26578fcb6c5d18b409483b515c6d1f7d,
        type: 3}
      propertyPath: m_SortingLayer
      value: -3
      objectReference: {fileID: 0}
    - target: {fileID: 6104922667019948179, guid: 26578fcb6c5d18b409483b515c6d1f7d,
        type: 3}
      propertyPath: m_SortingOrder
      value: 3
      objectReference: {fileID: 0}
    - target: {fileID: 6121262447459058266, guid: 26578fcb6c5d18b409483b515c6d1f7d,
        type: 3}
      propertyPath: m_Offset.x
      value: 0.0054511707
      objectReference: {fileID: 0}
    - target: {fileID: 6121262447459058266, guid: 26578fcb6c5d18b409483b515c6d1f7d,
        type: 3}
      propertyPath: m_Offset.y
      value: 0.22844192
      objectReference: {fileID: 0}
    - target: {fileID: 6121262447459058266, guid: 26578fcb6c5d18b409483b515c6d1f7d,
        type: 3}
      propertyPath: m_Size.x
      value: 0.7706902
      objectReference: {fileID: 0}
    - target: {fileID: 6121262447459058266, guid: 26578fcb6c5d18b409483b515c6d1f7d,
        type: 3}
      propertyPath: m_Size.y
      value: 0.112290874
      objectReference: {fileID: 0}
    - target: {fileID: 6186329568744139206, guid: 26578fcb6c5d18b409483b515c6d1f7d,
        type: 3}
      propertyPath: m_LocalPosition.x
      value: 0
      objectReference: {fileID: 0}
    - target: {fileID: 6186329568744139206, guid: 26578fcb6c5d18b409483b515c6d1f7d,
        type: 3}
      propertyPath: m_LocalPosition.y
      value: -0.561
      objectReference: {fileID: 0}
    - target: {fileID: 6186329568744139206, guid: 26578fcb6c5d18b409483b515c6d1f7d,
        type: 3}
      propertyPath: m_LocalPosition.z
      value: 0
      objectReference: {fileID: 0}
    - target: {fileID: 6186329568744139206, guid: 26578fcb6c5d18b409483b515c6d1f7d,
        type: 3}
      propertyPath: m_LocalRotation.x
      value: 0
      objectReference: {fileID: 0}
    - target: {fileID: 6186329568744139206, guid: 26578fcb6c5d18b409483b515c6d1f7d,
        type: 3}
      propertyPath: m_LocalRotation.y
      value: 0
      objectReference: {fileID: 0}
    - target: {fileID: 6186329568744139206, guid: 26578fcb6c5d18b409483b515c6d1f7d,
        type: 3}
      propertyPath: m_LocalRotation.z
      value: 0
      objectReference: {fileID: 0}
    - target: {fileID: 6186329568744139206, guid: 26578fcb6c5d18b409483b515c6d1f7d,
        type: 3}
      propertyPath: m_LocalRotation.w
      value: 1
      objectReference: {fileID: 0}
    - target: {fileID: 6186329568744139206, guid: 26578fcb6c5d18b409483b515c6d1f7d,
        type: 3}
      propertyPath: m_RootOrder
      value: 1
      objectReference: {fileID: 0}
    - target: {fileID: 6186329568744139206, guid: 26578fcb6c5d18b409483b515c6d1f7d,
        type: 3}
      propertyPath: m_LocalEulerAnglesHint.x
      value: 0
      objectReference: {fileID: 0}
    - target: {fileID: 6186329568744139206, guid: 26578fcb6c5d18b409483b515c6d1f7d,
        type: 3}
      propertyPath: m_LocalEulerAnglesHint.y
      value: 0
      objectReference: {fileID: 0}
    - target: {fileID: 6186329568744139206, guid: 26578fcb6c5d18b409483b515c6d1f7d,
        type: 3}
      propertyPath: m_LocalEulerAnglesHint.z
      value: 0
      objectReference: {fileID: 0}
    - target: {fileID: 6370690121958947039, guid: 26578fcb6c5d18b409483b515c6d1f7d,
        type: 3}
      propertyPath: m_Offset.x
      value: 0.37792778
      objectReference: {fileID: 0}
    - target: {fileID: 6370690121958947039, guid: 26578fcb6c5d18b409483b515c6d1f7d,
        type: 3}
      propertyPath: m_Size.x
      value: 0.10445213
      objectReference: {fileID: 0}
    - target: {fileID: 6370690121958947039, guid: 26578fcb6c5d18b409483b515c6d1f7d,
        type: 3}
      propertyPath: m_Offset.y
      value: 0.7016625
      objectReference: {fileID: 0}
    - target: {fileID: 6370690121958947039, guid: 26578fcb6c5d18b409483b515c6d1f7d,
        type: 3}
      propertyPath: m_Size.y
      value: 0.79774845
      objectReference: {fileID: 0}
    - target: {fileID: 6589098081225028642, guid: 26578fcb6c5d18b409483b515c6d1f7d,
        type: 3}
      propertyPath: m_Name
      value: Rig
      objectReference: {fileID: 0}
    - target: {fileID: 6856573937560858493, guid: 26578fcb6c5d18b409483b515c6d1f7d,
        type: 3}
      propertyPath: m_Color.r
      value: 0
      objectReference: {fileID: 0}
    - target: {fileID: 6856573937560858493, guid: 26578fcb6c5d18b409483b515c6d1f7d,
        type: 3}
      propertyPath: m_Color.b
      value: 0.16834831
      objectReference: {fileID: 0}
    - target: {fileID: 6856573937560858493, guid: 26578fcb6c5d18b409483b515c6d1f7d,
        type: 3}
      propertyPath: m_SortingLayerID
      value: 396510487
      objectReference: {fileID: 0}
    - target: {fileID: 6856573937560858493, guid: 26578fcb6c5d18b409483b515c6d1f7d,
        type: 3}
      propertyPath: m_SortingLayer
      value: -3
      objectReference: {fileID: 0}
    - target: {fileID: 6863278263273307238, guid: 26578fcb6c5d18b409483b515c6d1f7d,
        type: 3}
      propertyPath: m_Color.r
      value: 0
      objectReference: {fileID: 0}
    - target: {fileID: 6863278263273307238, guid: 26578fcb6c5d18b409483b515c6d1f7d,
        type: 3}
      propertyPath: m_Color.b
      value: 0.16834831
      objectReference: {fileID: 0}
    - target: {fileID: 6863278263273307238, guid: 26578fcb6c5d18b409483b515c6d1f7d,
        type: 3}
      propertyPath: m_SortingLayerID
      value: 396510487
      objectReference: {fileID: 0}
    - target: {fileID: 6863278263273307238, guid: 26578fcb6c5d18b409483b515c6d1f7d,
        type: 3}
      propertyPath: m_SortingLayer
      value: -3
      objectReference: {fileID: 0}
    - target: {fileID: 7102203030996846977, guid: 26578fcb6c5d18b409483b515c6d1f7d,
        type: 3}
      propertyPath: m_Bounds.m_Center.x
      value: 0
      objectReference: {fileID: 0}
    - target: {fileID: 7102203030996846977, guid: 26578fcb6c5d18b409483b515c6d1f7d,
        type: 3}
      propertyPath: m_Bounds.m_Center.y
      value: -0.00000023841858
      objectReference: {fileID: 0}
    - target: {fileID: 7102203030996846977, guid: 26578fcb6c5d18b409483b515c6d1f7d,
        type: 3}
      propertyPath: m_Bounds.m_Extent.x
      value: 0.18750004
      objectReference: {fileID: 0}
    - target: {fileID: 7102203030996846977, guid: 26578fcb6c5d18b409483b515c6d1f7d,
        type: 3}
      propertyPath: m_Bounds.m_Extent.y
      value: 0.12500003
      objectReference: {fileID: 0}
    - target: {fileID: 8176981000463595705, guid: 26578fcb6c5d18b409483b515c6d1f7d,
        type: 3}
      propertyPath: m_ApplyToSortingLayers.Array.size
      value: 6
      objectReference: {fileID: 0}
    - target: {fileID: 8176981000463595705, guid: 26578fcb6c5d18b409483b515c6d1f7d,
        type: 3}
      propertyPath: m_ApplyToSortingLayers.Array.data[4]
      value: 2093885903
      objectReference: {fileID: 0}
    - target: {fileID: 8176981000463595705, guid: 26578fcb6c5d18b409483b515c6d1f7d,
        type: 3}
      propertyPath: m_ApplyToSortingLayers.Array.data[5]
      value: 1807421143
      objectReference: {fileID: 0}
    m_RemovedComponents: []
  m_SourcePrefab: {fileID: 100100000, guid: 26578fcb6c5d18b409483b515c6d1f7d, type: 3}
--- !u!4 &4916490574367343817 stripped
Transform:
  m_CorrespondingSourceObject: {fileID: 6186329568744139206, guid: 26578fcb6c5d18b409483b515c6d1f7d,
    type: 3}
  m_PrefabInstance: {fileID: 1288209640106339599}
  m_PrefabAsset: {fileID: 0}
--- !u!212 &6441048254261755922 stripped
SpriteRenderer:
  m_CorrespondingSourceObject: {fileID: 5225178964228156701, guid: 26578fcb6c5d18b409483b515c6d1f7d,
    type: 3}
  m_PrefabInstance: {fileID: 1288209640106339599}
  m_PrefabAsset: {fileID: 0}
--- !u!212 &5676737287728235122 stripped
SpriteRenderer:
  m_CorrespondingSourceObject: {fileID: 6856573937560858493, guid: 26578fcb6c5d18b409483b515c6d1f7d,
    type: 3}
  m_PrefabInstance: {fileID: 1288209640106339599}
  m_PrefabAsset: {fileID: 0}
--- !u!212 &5683508508378861929 stripped
SpriteRenderer:
  m_CorrespondingSourceObject: {fileID: 6863278263273307238, guid: 26578fcb6c5d18b409483b515c6d1f7d,
    type: 3}
  m_PrefabInstance: {fileID: 1288209640106339599}
  m_PrefabAsset: {fileID: 0}
--- !u!114 &5860703825562184538 stripped
MonoBehaviour:
  m_CorrespondingSourceObject: {fileID: 4662849336691754581, guid: 26578fcb6c5d18b409483b515c6d1f7d,
    type: 3}
  m_PrefabInstance: {fileID: 1288209640106339599}
  m_PrefabAsset: {fileID: 0}
  m_GameObject: {fileID: 0}
  m_Enabled: 1
  m_EditorHideFlags: 0
  m_Script: {fileID: 11500000, guid: ca4feada7c705864a88a04ae98e83df2, type: 3}
  m_Name: 
  m_EditorClassIdentifier: 
--- !u!114 &5082421311540991637 stripped
MonoBehaviour:
  m_CorrespondingSourceObject: {fileID: 6298495833172294554, guid: 26578fcb6c5d18b409483b515c6d1f7d,
    type: 3}
  m_PrefabInstance: {fileID: 1288209640106339599}
  m_PrefabAsset: {fileID: 0}
  m_GameObject: {fileID: 0}
  m_Enabled: 1
  m_EditorHideFlags: 0
  m_Script: {fileID: 11500000, guid: 1e4ca8b85df54a64a9eb4a97a0168f97, type: 3}
  m_Name: 
  m_EditorClassIdentifier: 
--- !u!114 &1714315536338003448 stripped
MonoBehaviour:
  m_CorrespondingSourceObject: {fileID: 444408522832709879, guid: 26578fcb6c5d18b409483b515c6d1f7d,
    type: 3}
  m_PrefabInstance: {fileID: 1288209640106339599}
  m_PrefabAsset: {fileID: 0}
  m_GameObject: {fileID: 0}
  m_Enabled: 1
  m_EditorHideFlags: 0
  m_Script: {fileID: 11500000, guid: 1e4ca8b85df54a64a9eb4a97a0168f97, type: 3}
  m_Name: 
  m_EditorClassIdentifier: 
--- !u!1001 &1538719296215630296
PrefabInstance:
  m_ObjectHideFlags: 0
  serializedVersion: 2
  m_Modification:
    m_TransformParent: {fileID: 8129963512441676395}
    m_Modifications:
    - target: {fileID: 2219582016002510660, guid: 165a243e7ea58744baf5ff83956abee2,
        type: 3}
      propertyPath: m_Name
      value: BloodEffect
      objectReference: {fileID: 0}
    - target: {fileID: 2219582016002510661, guid: 165a243e7ea58744baf5ff83956abee2,
        type: 3}
      propertyPath: m_LocalPosition.x
      value: 0
      objectReference: {fileID: 0}
    - target: {fileID: 2219582016002510661, guid: 165a243e7ea58744baf5ff83956abee2,
        type: 3}
      propertyPath: m_LocalPosition.y
      value: 0
      objectReference: {fileID: 0}
    - target: {fileID: 2219582016002510661, guid: 165a243e7ea58744baf5ff83956abee2,
        type: 3}
      propertyPath: m_LocalPosition.z
      value: 0
      objectReference: {fileID: 0}
    - target: {fileID: 2219582016002510661, guid: 165a243e7ea58744baf5ff83956abee2,
        type: 3}
      propertyPath: m_LocalRotation.x
      value: 0
      objectReference: {fileID: 0}
    - target: {fileID: 2219582016002510661, guid: 165a243e7ea58744baf5ff83956abee2,
        type: 3}
      propertyPath: m_LocalRotation.y
      value: 0
      objectReference: {fileID: 0}
    - target: {fileID: 2219582016002510661, guid: 165a243e7ea58744baf5ff83956abee2,
        type: 3}
      propertyPath: m_LocalRotation.z
      value: 0
      objectReference: {fileID: 0}
    - target: {fileID: 2219582016002510661, guid: 165a243e7ea58744baf5ff83956abee2,
        type: 3}
      propertyPath: m_LocalRotation.w
      value: 1
      objectReference: {fileID: 0}
    - target: {fileID: 2219582016002510661, guid: 165a243e7ea58744baf5ff83956abee2,
        type: 3}
      propertyPath: m_RootOrder
      value: 0
      objectReference: {fileID: 0}
    - target: {fileID: 2219582016002510661, guid: 165a243e7ea58744baf5ff83956abee2,
        type: 3}
      propertyPath: m_LocalEulerAnglesHint.x
      value: -90
      objectReference: {fileID: 0}
    - target: {fileID: 2219582016002510661, guid: 165a243e7ea58744baf5ff83956abee2,
        type: 3}
      propertyPath: m_LocalEulerAnglesHint.y
      value: 0
      objectReference: {fileID: 0}
    - target: {fileID: 2219582016002510661, guid: 165a243e7ea58744baf5ff83956abee2,
        type: 3}
      propertyPath: m_LocalEulerAnglesHint.z
      value: 0
      objectReference: {fileID: 0}
    m_RemovedComponents: []
  m_SourcePrefab: {fileID: 100100000, guid: 165a243e7ea58744baf5ff83956abee2, type: 3}
--- !u!4 &835183643588824733 stripped
Transform:
  m_CorrespondingSourceObject: {fileID: 2219582016002510661, guid: 165a243e7ea58744baf5ff83956abee2,
    type: 3}
  m_PrefabInstance: {fileID: 1538719296215630296}
  m_PrefabAsset: {fileID: 0}
--- !u!198 &835183643588824731 stripped
ParticleSystem:
  m_CorrespondingSourceObject: {fileID: 2219582016002510659, guid: 165a243e7ea58744baf5ff83956abee2,
    type: 3}
  m_PrefabInstance: {fileID: 1538719296215630296}
  m_PrefabAsset: {fileID: 0}
